@misc{flexsearch,
  organization={Nextapps GmbH},
  title={FlexSearch.js},
  url={https://github.com/nextapps-de/flexsearch},
  urldate={2019-03-31}
}

@misc{flexsearch_benchmarkk,
  organization={Nextapps GmbH},
  title={FlexSearch Benchmark Comparison},
  url={https://github.com/nextapps-de/flexsearch#benchmark-ranking},
  urldate={2019-03-31}
}

@misc{google_maps_api,
  organization={Google},
  title={Google Places Autocomplete API},
  url={https://developers.google.com/maps/documentation/javascript/examples/places-autocomplete},
  urldate={2019-03-31}
}

@misc{leveldb_593,
  title={google/leveldb Github Issues \#593},
  url={https://github.com/google/leveldb/issues/593},
  urldate={2019-03-24}
}

@misc{leveldb_603,
  title={google/leveldb Github Issues \#603},
  url={https://github.com/google/leveldb/issues/603},
  urldate={2019-03-24}
}

@misc{validation,
  organization={mongosoe},
  title={Mongoose 5.4.20 Validation},
  url={https://mongoosejs.com/docs/validation.html},
  urldate={2019-03-31}
}

@misc{socketio,
  title={Socket.IO},
  url={https://socket.io/},
  urldate={2019-03-31}
}

@misc{week6,
  author={Fabio Ciravegna},
  title={Week 6 - MongoDB and Socket.io},
  year={2019}
}

@misc{offline_cookbook,
  author={Jake Archibald},
  title={The Offline Cookbook},
  url={https://developers.google.com/web/fundamentals/instant-and-offline/offline-cookbook/},
  urldate={2019-03-31}
}

@misc{opaque_workbox,
  organization={Google},
  title={Understanding Storage Quota},
  url={https://developers.google.com/web/tools/workbox/guides/storage-quota#beware_of_opaque_responses},
  urldate={2019-03-31}
}

@misc{passport_google,
  title={Passport Google OAuth 2.0},
  author={Jared Hanson},
  url={https://github.com/jaredhanson/passport-google-oauth2},
  urldate={2019-03-31}
}
